<record><leader>00000cas a22000007a 4500</leader><controlfield tag="001">18839073</controlfield><controlfield tag="008">881203d18821896iauwr ne      0    0ger d</controlfield><datafield ind1=" " ind2=" " tag="010"><subfield code="a">sn 88060206 </subfield></datafield><datafield ind1=" " ind2=" " tag="040"><subfield code="a">INP</subfield><subfield code="b">eng</subfield><subfield code="c">INP</subfield><subfield code="d">OCLCQ</subfield><subfield code="d">OCLCF</subfield><subfield code="d">OCLCO</subfield></datafield><datafield ind1=" " ind2=" " tag="042"><subfield code="a">msc</subfield></datafield><datafield ind1=" " ind2=" " tag="043"><subfield code="a">n-us-ia</subfield></datafield><datafield ind1="0" ind2="0" tag="245"><subfield code="a">Wacht am Mississippi.</subfield></datafield><datafield ind1=" " ind2=" " tag="260"><subfield code="a">[Muscatine, Iowa :</subfield><subfield code="b">s.n.]</subfield></datafield><datafield ind1=" " ind2=" " tag="300"><subfield code="a">v.</subfield></datafield><datafield ind1="1" ind2=" " tag="362"><subfield code="a">Issued 1882?-1896?</subfield></datafield><datafield ind1=" " ind2=" " tag="546"><subfield code="a">In German.</subfield></datafield><datafield ind1=" " ind2=" " tag="588"><subfield code="a">Description based on: Jahrg. 4, Nr. 25 (6. Juni 1884).</subfield></datafield><datafield ind1=" " ind2="0" tag="650"><subfield code="a">Germans</subfield><subfield code="z">Iowa</subfield><subfield code="v">Newspapers.</subfield></datafield><datafield ind1=" " ind2="7" tag="655"><subfield code="a">Newspapers.</subfield><subfield code="2">fast</subfield><subfield code="0">(OCoLC)fst01423814</subfield></datafield><datafield ind1=" " ind2="7" tag="650"><subfield code="a">Germans.</subfield><subfield code="2">fast</subfield><subfield code="0">(OCoLC)fst00942100</subfield></datafield><datafield ind1=" " ind2="7" tag="651"><subfield code="a">Iowa.</subfield><subfield code="2">fast</subfield><subfield code="0">(OCoLC)fst01205835</subfield></datafield><datafield ind1=" " ind2=" " tag="752"><subfield code="a">United States</subfield><subfield code="b">Iowa</subfield><subfield code="c">Muscatine</subfield><subfield code="d">Muscatine.</subfield></datafield><datafield ind1="0" ind2="0" tag="780"><subfield code="t">Deutsche Zeitung fu&#776;r Muscatine und Central Iowa</subfield><subfield code="w">(DLC)sn 84038355</subfield></datafield><datafield ind1="0" ind2="0" tag="785"><subfield code="t">Deutscher Anzieger (Muscatine, Iowa)</subfield></datafield></record>